<collection xmlns="http://www.loc.gov/MARC21/slim">
<record>
  <leader>00927nam0a22002411i 450 </leader>
  <controlfield tag="001">IT\ICCU\CNCE\030222</controlfield>
  <controlfield tag="005">20070410000000.0</controlfield>
  <datafield tag="012" ind1=" " ind2=" ">
    <subfield code="a">a-no .&amp;ue r-em OcFe (C) 1595 (R)</subfield>
    <subfield code="2">fei</subfield>
  </datafield>
  <datafield tag="100" ind1=" " ind2=" ">
    <subfield code="a">19971126d1595        0itac0103    ba</subfield>
  </datafield>
  <datafield tag="101" ind1=" " ind2=" ">
    <subfield code="a">LAT</subfield>
  </datafield>
  <datafield tag="102" ind1=" " ind2=" ">
    <subfield code="a">IT</subfield>
  </datafield>
  <datafield tag="200" ind1="1" ind2=" ">
    <subfield code="a">Decreta illustrissimi et reuerendiss. domini d. Ferrantis Farnesii episcopi Parmensis, et provinciae Marchiae guber. generalis</subfield>
  </datafield>
  <datafield tag="210" ind1=" " ind2=" ">
    <subfield code="a">Maceratae</subfield>
    <subfield code="c">ex Sebastiani Martellini typographia</subfield>
    <subfield code="d">1595</subfield>
  </datafield>
  <datafield tag="215" ind1=" " ind2=" ">
    <subfield code="a">\2! c.</subfield>
    <subfield code="d">fol</subfield>
  </datafield>
  <datafield tag="620" ind1=" " ind2=" ">
    <subfield code="a">IT</subfield>
    <subfield code="d">Macerata</subfield>
  </datafield>
  <datafield tag="710" ind1="0" ind2="2">
    <subfield code="a">Stato pontificio</subfield>
    <subfield code="3">6600</subfield>
  </datafield>
  <datafield tag="712" ind1="0" ind2="2">
    <subfield code="a">Marche</subfield>
    <subfield code="3">23604</subfield>
  </datafield>
  <datafield tag="712" ind1="0" ind2="0">
    <subfield code="a">Martellini, Sebastiano</subfield>
    <subfield code="3">IT\ICCU\CNCT\000296</subfield>
    <subfield code="4">650</subfield>
  </datafield>
  <datafield tag="791" ind1="0" ind2="2">
    <subfield code="a">Picena Regio</subfield>
    <subfield code="3">23608</subfield>
    <subfield code="z">Marche</subfield>
  </datafield>
  <datafield tag="791" ind1="0" ind2="2">
    <subfield code="a">Marca Anconitana</subfield>
    <subfield code="3">23609</subfield>
    <subfield code="z">Marche</subfield>
  </datafield>
  <datafield tag="791" ind1="0" ind2="0">
    <subfield code="a">Martellinus, Sebastianus</subfield>
    <subfield code="3">IT\ICCU\CNCT\005040</subfield>
    <subfield code="z">Martellini, Sebastiano</subfield>
  </datafield>
  <datafield tag="801" ind1=" " ind2="3">
    <subfield code="a">IT</subfield>
    <subfield code="b">ICCU</subfield>
    <subfield code="c">20201114</subfield>
  </datafield>
  <datafield tag="899" ind1=" " ind2=" ">
    <subfield code="a">Biblioteca comunale Mozzi-Borgetti. Macerata</subfield>
    <subfield code="1">MC0049</subfield>
    <subfield code="2">UMC CM</subfield>
  </datafield>
</record>
</collection>
